@inproceedings{Wu:2006:DSC:1135777.1135901,
 author = {Wu, Baoning and Davison, Brian D.},
 title = {Detecting Semantic Cloaking on the Web},
 booktitle = {Proceedings of the 15th International Conference on World Wide Web},
 series = {WWW '06},
 year = {2006},
 isbn = {1-59593-323-9},
 location = {Edinburgh, Scotland},
 pages = {819--828},
 numpages = {10},
 url = {http://doi.acm.org/10.1145/1135777.1135901},
 doi = {10.1145/1135777.1135901},
 acmid = {1135901},
 publisher = {ACM},
 address = {New York, NY, USA},
 keywords = {spam, web search engine},
}
@inproceedings{cloak,
  title={Cloak of Visibility: Detecting When Machines Browse A Different Web},
  author={Invernizzi, Luca and Thomas, Kurt and Kapravelos, Alexandros and Comanescu, Oxana and Picod, Jean-Michel and Bursztein, Elie},
  booktitle={Security and Privacy (SP), 2016 IEEE Symposium on},
  pages={743--758},
  year={2016},
  organization={IEEE}
}
@inproceedings{Wang:2011:CDD:2046707.2046763,
 author = {Wang, David Y. and Savage, Stefan and Voelker, Geoffrey M.},
 title = {Cloak and Dagger: Dynamics of Web Search Cloaking},
 booktitle = {Proceedings of the 18th ACM Conference on Computer and Communications Security},
 series = {CCS '11},
 year = {2011},
 isbn = {978-1-4503-0948-6},
 location = {Chicago, Illinois, USA},
 pages = {477--490},
 numpages = {14},
 url = {http://doi.acm.org/10.1145/2046707.2046763},
 doi = {10.1145/2046707.2046763},
 acmid = {2046763},
 publisher = {ACM},
 address = {New York, NY, USA},
 keywords = {cloaking, search engine optimization, web spam},
}
@article{sunil2012reputation,
  title={A reputation based detection technique to cloaked web spam},
  author={Sunil, A Naga Venkata and Sardana, Anjali},
  journal={Procedia Technology},
  volume={4},
  pages={566--572},
  year={2012},
  publisher={Elsevier}
}
@inproceedings{liao2016lurking,
  title={Lurking Malice in the Cloud: Understanding and Detecting Cloud Repository as a Malicious Service},
  author={Liao, Xiaojing and Alrwais, Sumayah and Yuan, Kan and Xing, Luyi and Wang, XiaoFeng and Hao, Shuang and Beyah, Raheem},
  booktitle={Proceedings of the 2016 ACM SIGSAC Conference on Computer and Communications Security},
  pages={1541--1552},
  year={2016},
  organization={ACM}
}
